@ARTICLE{Stein,
   author = {{Stein}, J.},
    title = {Computational Problems Associated with Racah Algebra},
   journal = {Journal of Computational Physics},
     year = 1967,
   volume = 1,
    pages = {397},
}


@book{Knut,
  author        = "Кнут, Д. Э.",
  title         = "Искусство программирования Том 2",
  publisher     = "Вильямc",
  address       = "М.",
  language      = "russian",
  year          = "2002",
}

@book{Kurant,
  author        = "Р. Курант  and Г. Роббинс",
  title         = "Что такое математика?",
  publisher     = "МЦНМО",
  address       = "М.",
  language      = "russian",
  year          = "2000",
}



@misc{Acm,
 author = {Герасименко, М. Ю.},
 title = {138. {П}оследовательность {Ф}ибоначчи [{Э}лектронный ресурс]},
note = {URL:~\url{http://acm.sgu.ru/univer/problem.php?contest=0&problem=138}\ (Дата обращения 27.05.2013) Загл. с экр. Яз. рус.},
}

